%% This BibTeX bibliography file was created using BibDesk.
%% https://bibdesk.sourceforge.io/

%% Created for Rolando Nieves at 2019-08-02 17:36:35 -0400 


%% Saved with string encoding Unicode (UTF-8) 



@misc{keepaway-stone2006,
	Author = {Peter Stone and Gregory Kuhlmann and Matthew E. Taylor and Yaxin Liu},
	Date-Added = {2019-08-02 17:36:04 -0400},
	Date-Modified = {2019-08-02 17:36:04 -0400},
	Keywords = {robocup,reinforcement learning},
	Month = {October},
	Title = {Learning to Play Keepaway},
	Url = {http://www.cs.utexas.edu/~AustinVilla/sim/keepaway/},
	Year = {2005},
	Bdsk-Url-1 = {http://www.cs.utexas.edu/~AustinVilla/sim/keepaway/}}

@book{sutton2018reinforcement,
	Author = {Sutton, Richard S and Barto, Andrew G},
	Date-Added = {2019-08-02 17:32:51 -0400},
	Date-Modified = {2019-08-02 17:32:51 -0400},
	Publisher = {MIT press},
	Title = {Reinforcement learning: An introduction},
	Year = {2018}}

@inproceedings{van2016deep,
	Author = {Van Hasselt, Hado and Guez, Arthur and Silver, David},
	Booktitle = {Thirtieth AAAI conference on artificial intelligence},
	Date-Added = {2019-08-02 17:10:34 -0400},
	Date-Modified = {2019-08-02 17:10:34 -0400},
	Title = {Deep reinforcement learning with double q-learning},
	Year = {2016}}

@article{mnih2015human,
	Author = {Mnih, Volodymyr and Kavukcuoglu, Koray and Silver, David and Rusu, Andrei A and Veness, Joel and Bellemare, Marc G and Graves, Alex and Riedmiller, Martin and Fidjeland, Andreas K and Ostrovski, Georg and others},
	Date-Added = {2019-07-09 18:16:13 -0400},
	Date-Modified = {2019-07-09 18:16:13 -0400},
	Journal = {Nature},
	Number = {7540},
	Pages = {529},
	Publisher = {Nature Publishing Group},
	Title = {Human-level control through deep reinforcement learning},
	Volume = {518},
	Year = {2015}}

@url{keon2018,
	Date-Added = {2019-07-09 18:12:49 -0400},
	Date-Modified = {2019-07-09 18:14:04 -0400},
	Lastchecked = {2019-07-09},
	Month = {September},
	Title = {Minimal Deep Q-Learning implementations in Keras},
	Url = {https://github.com/keon/deep-q-learning},
	Year = {2018},
	Bdsk-Url-1 = {https://github.com/keon/deep-q-learning}}

@url{jkammerl2013,
	Date-Added = {2019-07-28 20:27:00 -0400},
	Month = {March},
	Title = {Bug Report #4 Against ROS image_transport_plugins},
	Url = {https://github.com/ros-perception/image_transport_plugins/issues/4},
	Year = {2013},
	Bdsk-Url-1 = {https://github.com/ros-perception/image_transport_plugins/issues/4}}

@webpage{choudhary2019,
	Author = {Ankit Choudhary},
	Date-Added = {2019-07-09 18:10:45 -0400},
	Date-Modified = {2019-07-09 18:12:17 -0400},
	Lastchecked = {2019-07-09},
	Month = {April},
	Title = {A Hands-On Introduction to Deep Q-Learning using OpenAI Gym in Python},
	Url = {https://www.analyticsvidhya.com/blog/2019/04/introduction-deep-q-learning-python/},
	Year = {2019},
	Bdsk-Url-1 = {https://www.analyticsvidhya.com/blog/2019/04/introduction-deep-q-learning-python/}}

@electronic{samindaa-rllib,
	Author = {Saminda Abeyruwan},
	Date-Added = {2019-07-08 13:16:57 -0400},
	Date-Modified = {2019-07-08 13:19:13 -0400},
	Keywords = {rllib,reinforcement learning,c++},
	Lastchecked = {2018-07-08},
	Month = {August},
	Title = {RLLib},
	Url = {https://github.com/samindaa/RLLib},
	Year = {2016},
	Bdsk-Url-1 = {https://github.com/samindaa/RLLib}}

@article{nissen2007large,
	Author = {Nissen, Steffen},
	Date-Added = {2019-07-08 13:14:46 -0400},
	Date-Modified = {2019-07-08 13:14:46 -0400},
	Journal = {Unpublished masters thesis, Department of Computer Science, University of Copenhagen, K{\o}benhavn, Denmark},
	Title = {Large scale reinforcement learning using q-sarsa ($\lambda$) and cascading neural networks},
	Year = {2007}}
